@article{einstein1905does,
  title={Does the inertia of a body depend upon its energy-content},
  author={Einstein, Albert},
  journal={Ann Phys},
  volume={18},
  pages={639--641},
  year={1905}
}
@article{oliver2017test,
title={TEST ME},
author={Oliver Tarrant},
journal={best},
volume={1},
pages={12},
year={2017}
}
