%@article{MatteoNA,
%	title={Inference of chromosomal ploidy from short-read sequencing data},
%	year={Unpublished},
%	author={Matteo Fumagalli, Samuele Soraggi},
%	journal={Unpublished}
%}
@article{Jason2015,
	title={High-Throughput Sequecning Technologies},
	year={2015},
	author={Jason A.Reuter, Damek Spacek, Michael P.Snyder},
	journal={Mol Cell}
}
@article{Nielsen2011, 
	title={Genotype and SNP calling from next-generation sequencing data},
	author={Ramus Nielsen, Joshua S.Paul, Andres Albrechtsen, Yun S.Song},
	year={2011},
	journal={nature reviews}
}
@article{Ferrer2011,
	title={Chromosomal Copy Number Variation, Selection and Uneven Rates of Recombination Reveal Cryptic Genome Diversity Linked to Pathogenicity},
	author={Rhys A. Farrer, Daniel A. Henk, Trenton W. J. Garner, Francois Balloux, Douglas C. Woodhams, Matthew C. Fisher},
	year={2011},
	journal={Plos genetics}
}
@article{Fisher2012,
	title={Emerging fungal threats to animal, plant and ecosystem health},
	author={Matthew C. Fisher, Daniel. A. Henk, Cheryl J. Briggs, John S. Brownstein, Lawrence C. Madoff, Sarah L. McCraw, Sarah J. Gurr},
	year={2012},
	journal={Nature}
}
@article{Min2013,
	title={Computational tools for copy number variation (CNV) detection using next-generation sequencing data: features and perspectives},
	author={Min Zhao, Qingguo Wang, Quan Wang, Peilin Jia, Zhongming Zhao},
	year={2013},
	journal={BMC Bioinformatics}
}
@article{Kai2007,
	title={PennCNV: An integrated hidden Markov model designed for high-resolution copy number variation detection in whole-genome SNP genotyping data},
	author={Kai Wang, Mingyao Li, Dexter Hadley, Rui Liu, Joseph Glessner, Struan F.A. Grant, Hakon Hakonarson, Maja Bucan},
	year={2007},
	journal={Genome Research}
}
@article{Colella2007,
	title={QuantiSNP: an Objective Bayes Hidden-Markov Model to detect and accurately map copy number variation using SNP genotyping data},
	author={Colella S, Yau C, Taylor JM, Mirza G, Butler H, Clouston P, Bassett AS, Seller A, Holmes CC, Ragoussis J},
	year={2007},
	journal={Nucleic acids research}
}
