@article{Jason2015,
	title={High-Throughput Sequecning Technologies},
	year={2015},
	author={Reuter, Jason A. and Spacek, Damek and Snyder, Michael P.},
	journal={Mol Cell}
	%URL={https://www.sciencedirect.com/science/article/pii/S1097276515003408}
}
@article{Spring2013,
	title={Chromosome copy number variation and control in the ciliate Chilodonella uncinata},
	year={2013},
	author={Spring, Kevin J. and Pham, Stephanie and Zufall, Rebecca A. },
	journal={PLoS ONE}
	%URL={http://europepmc.org/backend/ptpmcrender.fcgi?accid=PMC3577910&blobtype=pdf}
}
@article{Joao2015,
	title={Chromosomal copy number variation reveals differential levels of genomic plasticity in distinct Trypanosoma cruzi strains},
	year={2015},
	author={ Reis-Cunha, Jo{\~a}o Lu{\'i}s and  Rodrigues-Luiz, Gabriela F. and Valdivia, Hugo O. and Baptista, Rodrigo P. and Mendes, Tiago A. O. and de Morais, Guilherme Loss and Guedes, Rafael and Macedo, Andrea M. and Bern, Caryn and Gilman, Robert H. and Lopez, Carlos Talavera and Andersson, Bj{\"o}rn and Vasconcelos, Ana Tereza and Bartholomeu, Daniella C. },
	journal={BMC Genomics}
	%URL={https://bmcgenomics.biomedcentral.com/articles/10.1186/s12864-015-1680-4}
}
@article{Hastings2010,
	title={Mechanisms of change in gene copy number},
	year={2010},
	author={Hastings, PJ and Lupski, James R. and Rosenberg, Susan M. and Iral, Grzegorz},
	journal={Nat Rev Genet}
	%URL={https://www.ncbi.nlm.nih.gov/pmc/articles/PMC2864001/}
}	
@article{Farrer2013,
	title={Chromosomal Copy Number Variation, Selection and Uneven Rates of Recombination Reveal Cryptic Genome Diversity Linked to Pathogenicity},
	year={2013},
	author={Farrer, Rhys A. and Henk, Daniel A. and Garner, Trenton W. J. and Balloux, Francois and Woodhams, Douglas C. and Fisher, Matthew C.},
	journal={PLOS Genetics}
	%URL={http://journals.plos.org/plosgenetics/article?id=10.1371/journal.pgen.1003703}
}
@article{Yan2017,
	title={Integrated analysis of chromosome copy number variation and gene expression in cervical carcinoma},
	year={2017},
	author={Yan, Deng and Yi, Song and Chiu, Wang Chi and Qin, Liu Gui and Kin, Wong Hoi and Hung, Chung Tony Kwok and Linxiao, Han and Wai, Choy Kwong and Yi, Sui and Tao, Yang and Tao, Tang},
	journal={Oncotarget}
	%URL={https://www.ncbi.nlm.nih.gov/pmc/articles/PMC5752491/}
}
@article{Fumagalli2013,
	title={Quantifying Population Genetic Differentiation from Next-Generation Sequencing Data},
	year={2013},
	author={Fumagalli, Matteo and Vieira, Filipe G. and Korneliussen, Thorfinn Sand and Linderoth, Tyler and Huerta-SÃ¡nchez, Emilia and Albrechtsen, Anders and Nielsen, Rasmus},
	journal={Genetics}
	%URL={http://www.genetics.org/content/195/3/979}
}
@article{Schwarzbauer2010,
	title={Identifying Copy Number Variations based on Next Generation Sequencing Data by a Mixture of Poisson Model},
	year={2010},
	author={Schwarzbauer, Karin and Klambauer, G{\"u}nter and Mayr, Andreas and Hochreiter, Sepp}.
	journal={Poster, presented at 18th Annual International Conference on Intelligent Systems for Molecular Biology}
	%URL={http://precedings.nature.com/documents/4716/version/1}
}
@article{Kim2011,
	title={Estimation of allele frequency and association mapping using next-generation sequencing data},
	year={2011},
	author={Kim, Su Yeon and Lohmueller, Kirk E. and Albrechtsen, Anders and Li, Yingrui and Korneliussen, Thorfinn and Tian, Geng and Grarup, Niels and Jiang, Tao and Andersen, Gitte and Witte, Daniel and Jorgensen, Torben and Hansen, Torben and Pedersen, Oluf and Wang, Jun and Nielsen, Rasmus},
	journal={BMC Bioinformatics}
	%URL={https://bmcbioinformatics.biomedcentral.com/articles/10.1186/1471-2105-12-231#Abs1}
}
@article{Newville2016,
	title={Lmfit: Non-Linear Least-Square Minimization and Curve-Fitting for Python},
	year={2016},
	author={Newville, Matthew and Stensitzki, Till and Allen, Daniel B. and Rawlik, Michal and Ingargiola, Antonino and Nelson, Andrew},
	journal={Astrophysics Source Code Library}
	%URL={http://adsabs.harvard.edu/abs/2016ascl.soft06014N}
}
@article{Aho2014,
	title={Model selection for ecologists: the worldviews of AIC and BIC},
	year={2014},	
	author={Aho, Ken and Derryberry, DeWayne and Peterson, Teri},
	jouranl={Ecological society of America}
	%URL={http://onlinelibrary.wiley.com.iclibezp1.cc.ic.ac.uk/doi/10.1890/13-1452.1/full}
}
@article{Robasky2014,
	title={The role of replicates for error mitigation in next-generation sequencing},
	year={2014},
	author={Robasky, Kimberly and Lewis, Nathan E. and Church, George M.},
	journal={Nature Review Genetics}
	%URL={https://www.nature.com/articles/nrg3655}
}
@article{Fumagalli2017,
	title={ngsPOLY},
	year={2017},
	author={Fumagalli, Matteo},
	journal={GitHub repository}
	%URL={https://libraries.io/github/mfumagalli/ngsPoly}
}
	