@article{Rhodes2017,
	title={A Population Genomics Approach to Assessing the Genetic Basis of Within-Host Microevolution Underlying Recurrent Cryptococcal Meningitis Infection},
	year={2017},
	author={Rhodes, Johanna and Beale, Mathew A. and Vanhove, Mathieu and Jarvis, Joseph N. and Kannambath, Shichina and Simpson, John A. and Ryan, Anthea and Meintjes, Graeme and Harrison, Thomas S. and Fisher, Matthew C. and Bicanic, Tihana},
	journal={G3}
	%URL={See papers folder}
}
@article{Vieira2015,
	title={Improving the estimation of genetic distances from Next-Generation Sequencing data},
	year={2015},
	author={Vieira, Filipe G. and Lassalle, Florent and Korneliussen, Thorfinn S. and Fumagalli, Matteo},
	journal={Biological Journal of the Linnean Society}
	%URL={http://onlinelibrary.wiley.com/doi/10.1111/bij.12511/full}
}
@misc{Vanhove2016,
	publisher={Imperial College London, School of Public Health},
	year={2016},
	title={Genomic epidemiology and ecology of cryptococcus neoformans var. grubii in southern Africa},
	author={Vanhove, Mathieu}
	%URL={https://imp-primo.hosted.exlibrisgroup.com/primo-explore/fulldisplay?docid=44IMP_DSP_DS10044%2F1%2F42540&context=L&vid=ICL_VU1&lang=en_US&search_scope=LRSCOP_44IMP&adaptor=Local%20Search%20Engine&tab=all&query=any,contains,cryptococcus%20neoformans&sortby=rank&offset=0}
}
@article{Joao2015,
	title={Chromosomal copy number variation reveals differential levels of genomic plasticity in distinct Trypanosoma cruzi strains},
	year={2015},
	author={ Reis-Cunha, Jo{\~a}o Lu{\'i}s and  Rodrigues-Luiz, Gabriela F. and Valdivia, Hugo O. and Baptista, Rodrigo P. and Mendes, Tiago A. O. and de Morais, Guilherme Loss and Guedes, Rafael and Macedo, Andrea M. and Bern, Caryn and Gilman, Robert H. and Lopez, Carlos Talavera and Andersson, Bj{\"o}rn and Vasconcelos, Ana Tereza and Bartholomeu, Daniella C. },
	journal={BMC Genomics}
	%URL={https://bmcgenomics.biomedcentral.com/articles/10.1186/s12864-015-1680-4}
}
@article{Hastings2010,
	title={Mechanisms of change in gene copy number},
	year={2010},
	author={Hastings, PJ and Lupski, James R. and Rosenberg, Susan M. and Iral, Grzegorz},
	journal={Nat Rev Genet}
	%URL={https://www.ncbi.nlm.nih.gov/pmc/articles/PMC2864001/}
}
@article{SoraggiNA,
	title={Inference of Chromosomal Copy Number Variation from Short-Read Sequencing Data},
	year={In preperation},
	author={Soraggi, Samuele and Tarrant, Oliver and Fumagalli, Matteo}
}
@article{Nielsen2011,
	title={Genotype and SNP calling from next-generation sequencing data},
	year={2011},
	author={Nielsen, Rasmus and Paul ,Joshua S. and  Albrechtsen, Anders and Song, Yun S.},
	journal={Nature Reviews Genetics}
	%URL={https://www.nature.com/articles/nrg2986}
}
@article{Vieira2013,
	title={Estimating inbreeding coefficients from NGS data: Impact on genotype calling and allele frequency estimation},
	year={2013},
	author={Vieira, Filipe G. and Fumagalli, Matteo and Albrechtsen, Anders and Nielsen, Rasmus},
	journal={Genome Research}
	%URL={https://www.ncbi.nlm.nih.gov/pmc/articles/PMC3814885/}
}
@article{Howard2017,
	title={Invited review: Inbreeding in the genomics era: Inbreeding, inbreeding depression, and management of genomic variability},
	year={2017},
	author={Howard, Jeremy T. and Pryce, Jennie E. and Baes, Christine and Maltecca, Christian},
	journal={ American Dairy Science Association}
	%URL={http://web.b.ebscohost.com/ehost/pdfviewer/pdfviewer?vid=1&sid=c537e37b-4f34-4eab-b12e-f90e859fb3fd%40sessionmgr120}
}
@article{Davison1997,
	author = {Davison, Anthony C. and Hinkley, D.},
	year = {1997},
	title = {Bootstrap Methods and Their Application},
	booktitle = {Journal of the American Statistical 		Association}
%URL={https://www.researchgate.net/publication/37434447_Bootstrap_Methods_and_Their_Application}
}
@book{Pinheiro2000,
	author = {Pinheiro, José C. and Bates, Douglas M},
    year = {2000},
    title = {Mixed-Effects Models in S and S-PLUS}
}
@article{Sklearn2011,
	title = {Scikit-learn: Machine Learning in Python},
	author={Pedregosa, Fabian and Varoquaux, Gaël and Gramfort, Alexandre and Michel, Vincent and Thirion, Bertrand and Grisel, Olivier and Blondel, Mathieu and Prettenhofer, Peter and Weiss, Ron and Dubourg, Vincent and Vanderplas, Jake and Passos, Alexandre and Cournapeau, David and Brucher, Matthieu and  Perrot, Matthieu and Duchesnay, {\'E}douard},
    year={2011}
    %URL={http://www.jmlr.org/papers/v12/pedregosa11a.html}
}
@article{Tarrant2018,
	title = {Modelling the read depth of next generation
sequencing data},
	author = {Tarrant, Oliver},
    year = {2018}
    journal = {CMEE Mini-project}
}